

@inproceedings{Rosales-MendezP17,
  author    = {Henry Rosales{-}M{\'{e}}ndez and
               Barbara Poblete and
               Aidan Hogan},
  title     = {Multilingual Entity Linking: Comparing English and Spanish},
  booktitle = {LD4IE@ISWC},
  pages     = {62--73},
  year      = {2017}
}

@inproceedings{ourAMW2018,
  author    = {Henry Rosales{-}M{\'{e}}ndez and
               Barbara Poblete and
               Aidan Hogan},
  title     = {What Should Entity Linking link?},
  booktitle = {AMW},
  year      = {2018},
}



@inproceedings{gerbil-2015,
  author    = {Usbeck, Ricardo and et al.},
  title     = {{GERBIL:} General Entity Annotator Benchmarking Framework},
  booktitle = {WWW},
  pages     = {1133--1143},
  year      = {2015}
}

@article{cucerzan2007large,
  title={Large-Scale Named Entity Disambiguation Based on {W}ikipedia Data},
  author={Cucerzan, Silviu},
  journal={EMNLP-CoNLL},
  pages={708},
  year={2007}
}


@inproceedings{iitb2009,
  title={Collective annotation of Wikipedia entities in web text},
  author={Kulkarni, Sayali and Singh, Amit and Ramakrishnan, Ganesh and Chakrabarti, Soumen},
  booktitle={SIGKDD},
  pages={457--466},
  year={2009},
}


@inproceedings{aida2011,
  title={Robust disambiguation of named entities in text},
  author={Hoffart, Johannes and et al.},
  booktitle={EMNLP},
  pages={782--792},
  year={2011},
  organization={ACL}
}

@inproceedings{KEA2016,
  author    = {J{\"{o}}rg Waitelonis and
               Harald Sack},
  title     = {Named Entity Linking in {\#}Tweets with {KEA}},
  booktitle = {Proceedings of the 6th Workshop on `Making Sense of Microposts' 2016.},
  pages     = {61--63},
  year      = {2016},
}


@inproceedings{NIFpaper,
  author    = {Sebastian Hellmann and
               Jens Lehmann and
               S{\"{o}}ren Auer and
               Martin Br{\"{u}}mmer},
  title     = {Integrating {NLP} Using Linked Data},
  booktitle = {{ISWC}},
  pages     = {98--113},
  year      = {2013},
}


@inproceedings{N3,
  author    = {Michael R{\"{o}}der and
               Ricardo Usbeck and
               Sebastian Hellmann and
               Daniel Gerber and
               Andreas Both},
  title     = {N{\({^3}\)} - {A} Collection of Datasets for Named Entity Recognition
               and Disambiguation in the {NLP} Interchange Format},
  booktitle = {{LREC}},
  pages     = {3529--3533},
  year      = {2014}
}



@inproceedings{Bengal2018,
  author    = {Axel{-}Cyrille Ngonga Ngomo and
               Michael R{\"{o}}der and
               Diego Moussallem and
               Ricardo Usbeck and
               Ren{\'{e}} Speck},
  title     = {{BENGAL:} An Automatic Benchmark Generator for Entity Recognition
               and Linking},
  booktitle = {Proceedings of the 11th International Conference on Natural Language
               Generation},
  pages     = {339--349},
  year      = {2018},
}

@inproceedings{VoxEL2018,
  author    = {Henry Rosales{-}M{\'{e}}ndez and
               Aidan Hogan and
               Barbara Poblete},
  title     = {VoxEL: {A} Benchmark Dataset for Multilingual Entity Linking},
  booktitle = {{ISWC}},
  pages     = {170--186},
  year      = {2018},
}

@inproceedings{Kunal2017,
  author    = {Kunal Jha and
               Michael R{\"{o}}der and
               Axel{-}Cyrille Ngonga Ngomo},
  title     = {All that Glitters Is Not Gold - Rule-Based Curation of Reference Datasets
               for Named Entity Recognition and Entity Linking},
  booktitle = {{ESWC}},
  pages     = {305--320},
  year      = {2017}
}

@inproceedings{Orbis2018,
  author    = {Fabian Odoni and
               Philipp Kuntschik and
               Adrian M. P. Brasoveanu and
               Albert Weichselbraun},
  title     = {On the Importance of Drill-Down Analysis for Assessing Gold Standards
               and Named Entity Linking Performance},
  booktitle = {{SEMANTICS}},
  pages     = {33--42},
  year      = {2018}
}

@inproceedings{Lexvo2008,
  author    = {G. de Melo and G. Weikum},
  title     = {Language as a foundation of the Semantic Web},
  booktitle = {Proceedings of the Poster and Demonstration Session at the 7th International Semantic Web Conference},
  year      = {2008}
}

@inproceedings{Marieke2016,
  author    = {Marieke van Erp and 
              Pablo Mendes and
              Heiko Paulheim and 
              Filip Ilievski and 
              Julien Plu and 
              Giuseppe Rizzo and 
              Joerg Waitelonis},
  title     = {Evaluating entity linking: {A}n analysis of current benchmark datasets and a roadmap for doing a better job},
  booktitle = {{LREC}},
  year      = {2016}
}


@inproceedings{BAT2013,
  author    = {Marco Cornolti and 
              Paolo Ferragina and 
              Massimiliano Ciaramita
              },
  title     = {A framework for benchmarking entity-annotation systems},
  booktitle = {World Wide Web Conference},
  year      = {2013}
}


@inproceedings{aquaint,
  title={Local and global algorithms for disambiguation to {W}ikipedia},
  author={Ratinov, Lev and Roth, Dan and Downey, Doug and Anderson, Mike},
  booktitle={NAACL-HLT},
  pages={1375--1384},
  year={2011},
}


@inproceedings{mendes2011dbpedia,
  title={{DB}pedia spotlight: shedding light on the web of documents},
  author={Mendes, Pablo N and Jakob, Max and Garc{\'\i}a-Silva, Andr{\'e}s and Bizer, Christian},
  booktitle={I-SEMANTICS},
  pages={1--8},
  year={2011},
  organization={ACM}
}

@inproceedings{kore50,
  title={KORE: keyphrase overlap relatedness for entity disambiguation},
  author={Hoffart, Johannes and Seufert, Stephan and Nguyen, Dat Ba and Theobald, Martin and Weikum, Gerhard},
  booktitle={CIKM},
  pages={545--554},
  year={2012},
}

@inproceedings{wes2015,
  title={Linked data enabled generalized vector space model to improve document retrieval},
  author={Waitelonis, J{\"o}rg and Exeler, Claudia and Sack, Harald},
  booktitle={NLP \& DBpedia @ ISWC},
  year={2015}
}

@inproceedings{moro2015semeval,
  title={{SemEval}-2015 {Task} 13: Multilingual All-Words Sense Disambiguation and Entity Linking.},
  author={Moro, Andrea and Navigli, Roberto},
  booktitle={SemEval@ NAACL-HLT},
  pages={288--297},
  year={2015}
}

@article{renden2016,
  title={REDEN: named entity linking in digital literary editions using linked data sets},
  author={Brando, Carmen and Frontini, Francesca and Ganascia, Jean-Gabriel},
  journal={CSIMQ},
  number={7},
  pages={60--80},
  year={2016}
}

@inproceedings{abstracts2016,
  title={DBpedia Abstracts: A Large-Scale, Open, Multilingual NLP Training Corpus.},
  author={Br{\"u}mmer, Martin and Dojchinovski, Milan and Hellmann, Sebastian},
  booktitle={LREC},
  year={2016}
}

@article{meantime2016,
  title={MEANTIME, the NewsReader multilingual event and time corpus},
  booktitle={LREC},
  author={Minard, A.L. and et al.},
  year={2016},
}

@inproceedings{calcs2018shtask,
    title={{Overview of the CALCS 2018 Shared Task: Named Entity Recognition on Code-switched Data}},
    author={Aguilar, Gustavo and AlGhamdi, Fahad and Soto, Victor and Diab, Mona and Hirschberg, Julia and Solorio, Thamar},
    publisher = {Association for Computational Linguistics},
    month={July},
    year={2018},
    address={Melbourne, Australia},
    booktitle = {Proceedings of the Third Workshop on Computational Approaches to Linguistic Code-Switching}
}
